@inproceedings{heusel2017frechet,
    author = {Heusel, Martin and Ramsauer, Hubert and Unterthiner, Thomas and Nessler, Bernhard and Hochreiter, Sepp},
    title = {GANs Trained by a Two Time-Scale Update Rule Converge to a Local Nash Equilibrium},
    year = {2017},
    isbn = {9781510860964},
    publisher = {Curran Associates Inc.},
    address = {Red Hook, NY, USA},
    booktitle = {Proceedings of the 31st International Conference on Neural Information Processing Systems},
    pages = {6629â€“6640},
    numpages = {12},
    location = {Long Beach, California, USA},
    series = {NIPS'17}
}

@INPROCEEDINGS{huang2017arbitrary,

  author={X. {Huang} and S. {Belongie}},

  booktitle={2017 IEEE International Conference on Computer Vision (ICCV)}, 

  title={Arbitrary Style Transfer in Real-Time with Adaptive Instance Normalization}, 

  year={2017},

  volume={},

  number={},

  pages={1510-1519},

  doi={10.1109/ICCV.2017.167}}


@INPROCEEDINGS{imagenet2009,
  author={J. {Deng} and W. {Dong} and R. {Socher} and L. {Li} and  {Kai Li} and  {Li Fei-Fei}},
  booktitle={2009 IEEE Conference on Computer Vision and Pattern Recognition}, 
  title={ImageNet: A large-scale hierarchical image database}, 
  year={2009},
  volume={},
  number={},
  pages={248-255},
  doi={10.1109/CVPR.2009.5206848}
}

@misc{kaggle_van_gogh,
  author = {Kaggle: Van Gogh Paintings},
  howpublished = "\url{https://www.kaggle.com/ipythonx/van-gogh-paintings}"
}

@misc{kaggle_rijksmuseum,
  author = {Kaggle: Rijksmuseum},
  howpublished = "\url{https://www.kaggle.com/lgmoneda/rijksmuseum}"
}

@inproceedings{karras2018progressive,
    title={Progressive Growing of {GAN}s for Improved Quality, Stability, and Variation},
    author={Tero Karras and Timo Aila and Samuli Laine and Jaakko Lehtinen},
    booktitle={International Conference on Learning Representations},
    year={2018}
}

@InProceedings{karras2019stylebased,
    author = {Karras, Tero and Laine, Samuli and Aila, Timo},
    title = {A Style-Based Generator Architecture for Generative Adversarial Networks},
    booktitle = {Proceedings of the IEEE/CVF Conference on Computer Vision and Pattern Recognition (CVPR)},
    month = {June},
    year = {2019}
} 

@inproceedings{kingma2015adam,
  title={Adam: A Method for Stochastic Optimization}, 
  author={Diederik P. Kingma and Jimmy Ba},
  year={2015},
  booktitle = {International Conference on Learning Representations}
}

@misc{deepdream,
  author = {DeepDream},
  howpublished = "\url{https://www.deepdreamgenerator.com}"
}

@misc{deepart,
  author = {deepart.io},
  howpublished = "\url{https://www.deepart.io}"
}

@INPROCEEDINGS{szegedy2016inception,
  author={C. {Szegedy} and V. {Vanhoucke} and S. {Ioffe} and J. {Shlens} and Z. {Wojna}},
  booktitle={2016 IEEE Conference on Computer Vision and Pattern Recognition (CVPR)}, 
  title={Rethinking the Inception Architecture for Computer Vision}, 
  year={2016},
  volume={},
  number={},
  pages={2818-2826},
  doi={10.1109/CVPR.2016.308}
}

@article{hinton2012deep,
  title={Deep neural networks for acoustic modeling in speech recognition: The shared views of four research groups},
  author={Hinton, Geoffrey and Deng, Li and Yu, Dong and Dahl, George E and Mohamed, Abdel-rahman and Jaitly, Navdeep and Senior, Andrew and Vanhoucke, Vincent and Nguyen, Patrick and Sainath, Tara N and others},
  journal={IEEE Signal processing magazine},
  volume={29},
  number={6},
  pages={82--97},
  year={2012},
  publisher={IEEE}
}

@inproceedings{salakhutdinov2009deep,
  title={Deep boltzmann machines},
  author={Salakhutdinov, Ruslan and Hinton, Geoffrey},
  booktitle={Artificial intelligence and statistics},
  pages={448--455},
  year={2009},
  organization={PMLR}
}

@inproceedings{bengio2014deep,
  title={Deep generative stochastic networks trainable by backprop},
  author={Bengio, Yoshua and Laufer, Eric and Alain, Guillaume and Yosinski, Jason},
  booktitle={International Conference on Machine Learning},
  pages={226--234},
  year={2014},
  organization={PMLR}
}

@inproceedings{lu2013speech,
  title={Speech enhancement based on deep denoising autoencoder.},
  author={Lu, Xugang and Tsao, Yu and Matsuda, Shigeki and Hori, Chiori},
  booktitle={Interspeech},
  volume={2013},
  pages={436--440},
  year={2013}
}

@article{goodfellow2014generative,
  title={Generative adversarial networks},
  author={Goodfellow, Ian J and Pouget-Abadie, Jean and Mirza, Mehdi and Xu, Bing and Warde-Farley, David and Ozair, Sherjil and Courville, Aaron and Bengio, Yoshua},
  journal={arXiv preprint arXiv:1406.2661},
  year={2014}
}

@article{radford2015unsupervised,
  title={Unsupervised representation learning with deep convolutional generative adversarial networks},
  author={Radford, Alec and Metz, Luke and Chintala, Soumith},
  journal={arXiv preprint arXiv:1511.06434},
  year={2015}
}

@inproceedings{wang2018esrgan,
  title={Esrgan: Enhanced super-resolution generative adversarial networks},
  author={Wang, Xintao and Yu, Ke and Wu, Shixiang and Gu, Jinjin and Liu, Yihao and Dong, Chao and Qiao, Yu and Change Loy, Chen},
  booktitle={Proceedings of the European Conference on Computer Vision (ECCV) Workshops},
  pages={0--0},
  year={2018}
}

@inproceedings{marra2018detection,
  title={Detection of gan-generated fake images over social networks},
  author={Marra, Francesco and Gragnaniello, Diego and Cozzolino, Davide and Verdoliva, Luisa},
  booktitle={2018 IEEE Conference on Multimedia Information Processing and Retrieval (MIPR)},
  pages={384--389},
  year={2018},
  organization={IEEE}
}

@misc{nguyen2017plug,
      title={Plug & Play Generative Networks: Conditional Iterative Generation of Images in Latent Space}, 
      author={Anh Nguyen and Jeff Clune and Yoshua Bengio and Alexey Dosovitskiy and Jason Yosinski},
      year={2017},
      eprint={1612.00005},
      archivePrefix={arXiv},
      primaryClass={cs.CV}
}